 @online{IEEE2021, 
    author={{IEEE Author Center}},
    title={{IEEE Editorial Style Manual}}, 
    year = {2021},
    url={https://journals.ieeeauthorcenter.ieee.org/create-your-ieee-journal-article/create-the-text-of-your-article/ieee-editorial-style-manual/}, 
    urldate = {2021-04-20}}